@Inbook{Evaristo2012,
 author = {Jaime Evaristo and Eduardo Perdigão},
 title = {Introdução à Álgebra Abstrata},
 year = 2012,
 edition = 2,
 month = 2,
 pages = {99-101}
 }
